@MISC{share-charge,
	HOWPUBLISHED = "\url{https://link.medium.com/P6UL5V53B6}",
	AUTHOR = "Hector Garcia",
	TITLE = "Decentralizing the charging business for the eMobility Industry",
	MONTH = "",
	YEAR = "2018",
	NOTE = "Accessed on 2020-05-19"
}

@article{wood2014ethereum,
  title={Ethereum: A secure decentralised generalised transaction ledger},
  author={Wood, Gavin and others},
  journal={Ethereum project yellow paper},
  volume={151},
  number={2014},
  pages={1--32},
  year={2014}
}

@MISC{raiden,
	HOWPUBLISHED = "\url{https://raiden.network/}",
	AUTHOR = "",
	TITLE = "Raiden Network",
	MONTH = "",
	YEAR = "",
	NOTE = "Accessed on 2020-05-19"
}


@MISC{lade-report,
	HOWPUBLISHED = "\url{https://www.prognos.com/fileadmin/pdf/publikationsdatenbank/20200207__Prognos_Lade-Report_2020.pdf}",
	AUTHOR = "Alex Auf der Maur et al.",
	TITLE = "prognos Lade-Report 2020",
	MONTH = "February",
	YEAR = "2020",
	NOTE = "Accessed on 2020-05-19"
}

@MISC{tesla-charge,
    HOWPUBLISHED = "\url{https://www.tesla.com/blog/tesla-motors-launches-revolutionary-supercharger-enabling-convenient-long-dista}",
    TITLE = "Tesla Motors Launches Revolutionary Supercharger Enabling Convenient Long Distance Driving",
    AUTHOR = "Tesla Motors",
    YEAR = "2012",
    NOTE = "Accessed on 2020-05-19"
}

@MISC{bmwi,
    TITLE = "Alle Tarife mengengewichteter Elektrizitätspreis für Haushaltskunden",
    HOWPUBLISHED = "\url{https://www.bmwi.de/Redaktion/DE/Infografiken/Energie/strompreisbestandteile.html}",
    AUTHOR = "Bundesministerium für Wirtschaft und Energie",
    YEAR = "2018",
    NOTE = "Accessed on 2020-05-19"
}




% \bibliographystyle{ieeetr}
% \bibliography{bib}

% \usepackage{biblatex}
% \addbibresource{bib.bib}
% \printbibliography